@article{agarap2017neural,
  title={A Neural Network Architecture Combining Gated Recurrent Unit (GRU) and Support Vector Machine (SVM) for Intrusion Detection in Network Traffic Data},
  author={Agarap, Abien Fred},
  journal={arXiv preprint arXiv:1709.03082},
  year={2017}
}

@inproceedings{alalshekmubarak2013novel,
  title={A novel approach combining recurrent neural network and support vector machines for time series classification},
  author={Alalshekmubarak, Abdulrahman and Smith, Leslie S},
  booktitle={Innovations in Information Technology (IIT), 2013 9th International Conference on},
  pages={42--47},
  year={2013},
  organization={IEEE}
}

@online{aymericdamien,
	author = {Damien, Aymeric},
	year = {2017, August 29},
	url = {https://github.com/aymericdamien/TensorFlow-Examples/blob/master/examples/2_BasicModels/nearest_neighbor.py},
	version = {90bb4de75322f8c01048dd98c7f194442051d257},
	note = {Accessed: November 17, 2017}
}

@article{bengio2015deep,
  title={Deep learning},
  author={Bengio, Yoshua and Goodfellow, Ian J and Courville, Aaron},
  journal={Nature},
  volume={521},
  pages={436--444},
  year={2015}
}

@book{bishop1995neural,
  title={Neural networks for pattern recognition},
  author={Bishop, Christopher M},
  year={1995},
  publisher={Oxford university press}
}

@article{Cho,
	title={Learning phrase representations using RNN encoder-decoder for statistical machine translation},
	author={Cho, Kyunghyun and Van Merri{\"e}nboer, Bart and Gulcehre, Caglar and Bahdanau, Dzmitry and Bougares, Fethi and Schwenk, Holger and Bengio, Yoshua},
	journal={arXiv preprint arXiv:1406.1078},
	year={2014}
}

@article{Cho,
  title={Learning phrase representations using RNN encoder-decoder for statistical machine translation},
  author={Cho, Kyunghyun and Van Merri{\"e}nboer, Bart and Gulcehre, Caglar and Bahdanau, Dzmitry and Bougares, Fethi and Schwenk, Holger and Bengio, Yoshua},
  journal={arXiv preprint arXiv:1406.1078},
  year={2014}
}

@Article{Cortes,
	author={C. Cortes and V. Vapnik},
	title={Support-vector Networks},
	year={1995},
	journal={Machine Learning},
	volume={20.3},
	pages={273-297},
	doi={10.1007/BF00994018},
	url={http://dx.doi.org/10.1007/BF00994018},
}

@article{garcia2016random,
  title={Random Forest for Malware Classification},
  author={Garcia, Felan Carlo C and Muga, II and Felix, P},
  journal={arXiv preprint arXiv:1609.07770},
  year={2016}
}

@article{hahnloser2000digital,
  title={Digital selection and analogue amplification coexist in a cortex-inspired silicon circuit},
  author={Hahnloser, Richard HR and Sarpeshkar, Rahul and Mahowald, Misha A and Douglas, Rodney J and Seung, H Sebastian},
  journal={Nature},
  volume={405},
  number={6789},
  pages={947--951},
  year={2000},
  publisher={Nature Publishing Group}
}

@Article{Hunter:2007,
  Author    = {Hunter, J. D.},
  Title     = {Matplotlib: A 2D graphics environment},
  Journal   = {Computing In Science \& Engineering},
  Volume    = {9},
  Number    = {3},
  Pages     = {90--95},
  abstract  = {Matplotlib is a 2D graphics package used for Python
  for application development, interactive scripting, and
  publication-quality image generation across user
  interfaces and operating systems.},
  publisher = {IEEE COMPUTER SOC},
  doi = {10.1109/MCSE.2007.55},
  year      = 2007
}

@Misc{Karpathy,
	author={Anrej Karpathy},
	title={CS231n Convolutional Neural Networks for Visual Recognition},
	institution={Stanford University},
	howpublished={\url{http://cs231n.github.io/}}
}

@article{Kingma,
	title={Adam: A method for stochastic optimization},
	author={Kingma, Diederik and Ba, Jimmy},
	journal={arXiv preprint arXiv:1412.6980},
	year={2014}
}

@article{mcculloch1943logical,
  title={A logical calculus of the ideas immanent in nervous activity},
  author={McCulloch, Warren S and Pitts, Walter},
  journal={The bulletin of mathematical biophysics},
  volume={5},
  number={4},
  pages={115--133},
  year={1943},
  publisher={Springer}
}

@inproceedings{nataraj2011malware,
  title={Malware images: visualization and automatic classification},
  author={Nataraj, Lakshmanan and Karthikeyan, S and Jacob, Gregoire and Manjunath, BS},
  booktitle={Proceedings of the 8th international symposium on visualization for cyber security},
  pages={4},
  year={2011},
  organization={ACM}
}

@misc{nci2017, title={Cancer Statistics}, url={https://www.cancer.gov/about-cancer/understanding/statistics}, journal={National Cancer Institute}, year={2017}, month={Mar}} 

@article{quinlan1993c4,
  title={C4. 5: Programming for machine learning},
  author={Quinlan, J Ross},
  journal={Morgan Kauffmann},
  volume={38},
  year={1993}
}

@article{rosenblatt1958perceptron,
  title={The perceptron: A probabilistic model for information storage and organization in the brain.},
  author={Rosenblatt, Frank},
  journal={Psychological review},
  volume={65},
  number={6},
  pages={386},
  year={1958},
  publisher={American Psychological Association}
}

@article{salama2012breast,
  title={Breast cancer diagnosis on three different datasets using multi-classifiers},
  author={Salama, Gouda I and Abdelhalim, M and Zeid, Magdy Abd-elghany},
  journal={Breast Cancer (WDBC)},
  volume={32},
  number={569},
  pages={2},
  year={2012}
}

@article{scikit-learn,
	title={Scikit-learn: Machine Learning in {P}ython},
	author={Pedregosa, F. and Varoquaux, G. and Gramfort, A. and Michel, V.
		and Thirion, B. and Grisel, O. and Blondel, M. and Prettenhofer, P.
		and Weiss, R. and Dubourg, V. and Vanderplas, J. and Passos, A. and
		Cournapeau, D. and Brucher, M. and Perrot, M. and Duchesnay, E.},
	journal={Journal of Machine Learning Research},
	volume={12},
	pages={2825--2830},
	year={2011}
}

@misc{surveillance, url={https://seer.cancer.gov/statfacts/html/breast.html}, journal={Surveillance, Epidemiology, and End Results Program}}

@article{Tang,
  title={Deep learning using linear support vector machines},
  author={Tang, Yichuan},
  journal={arXiv preprint arXiv:1306.0239},
  year={2013}
}

@misc{tensorflow2015-whitepaper,
title={ {TensorFlow}: Large-Scale Machine Learning on Heterogeneous Systems},
url={http://tensorflow.org/},
note={Software available from tensorflow.org},
author={
    Mart\'{\i}n~Abadi and
    Ashish~Agarwal and
    Paul~Barham and
    Eugene~Brevdo and
    Zhifeng~Chen and
    Craig~Citro and
    Greg~S.~Corrado and
    Andy~Davis and
    Jeffrey~Dean and
    Matthieu~Devin and
    Sanjay~Ghemawat and
    Ian~Goodfellow and
    Andrew~Harp and
    Geoffrey~Irving and
    Michael~Isard and
    Yangqing Jia and
    Rafal~Jozefowicz and
    Lukasz~Kaiser and
    Manjunath~Kudlur and
    Josh~Levenberg and
    Dan~Man\'{e} and
    Rajat~Monga and
    Sherry~Moore and
    Derek~Murray and
    Chris~Olah and
    Mike~Schuster and
    Jonathon~Shlens and
    Benoit~Steiner and
    Ilya~Sutskever and
    Kunal~Talwar and
    Paul~Tucker and
    Vincent~Vanhoucke and
    Vijay~Vasudevan and
    Fernanda~Vi\'{e}gas and
    Oriol~Vinyals and
    Pete~Warden and
    Martin~Wattenberg and
    Martin~Wicke and
    Yuan~Yu and
    Xiaoqiang~Zheng},
  year={2015},
}

@article{walt2011numpy,
  title={The NumPy array: a structure for efficient numerical computation},
  author={Walt, St{\'e}fan van der and Colbert, S Chris and Varoquaux, Gael},
  journal={Computing in Science \& Engineering},
  volume={13},
  number={2},
  pages={22--30},
  year={2011},
  publisher={IEEE}
}

@book{witten2016data,
  title={Data Mining: Practical machine learning tools and techniques},
  author={Witten, Ian H and Frank, Eibe and Hall, Mark A and Pal, Christopher J},
  year={2016},
  publisher={Morgan Kaufmann}
}

@article{wolberg1992breast,
  title={Breast cancer Wisconsin (diagnostic) data set},
  author={Wolberg, William H and Street, W Nick and Mangasarian, Olvi L},
  journal={UCI Machine Learning Repository [http://archive. ics. uci. edu/ml/]},
  year={1992}
}

@article{zafiropoulos2006support,
  title={A support vector machine approach to breast cancer diagnosis and prognosis},
  author={Zafiropoulos, Elias and Maglogiannis, Ilias and Anagnostopoulos, Ioannis},
  journal={Artificial Intelligence Applications and Innovations},
  pages={500--507},
  year={2006},
  publisher={Springer}
}
